% Encoding: UTF-8

@Article{blt_1982a,
  author    = {R. Beigang and K. L\"{u}cke and A. Timmermann and P. J. West and D. Fr\"{o}lich},
  title     = {Determination of absolute level energies of $5sns$ \textsuperscript{1}S\textsubscript{0} and $5snd$ \textsuperscript{1}D\textsubscript{2} Rydberg series of Sr},
  journal   = {Optics Communications},
  year      = {1982},
  volume    = {42},
  number    = {1},
  month     = {jun},
  pages     = {19--24},
  doi       = {10.1016/0030-4018(82)90082-7},
  url       = {https://www.sciencedirect.com/science/article/pii/0030401882900827?via%3Dihub},
  publisher = {Elsevier {BV}},
}

@Comment{jabref-meta: databaseType:biblatex;}
